@Online{InfoGamer2018,
author="Jensen, Nathan",
title={How to Make a Multiplayer Game},
url={https://www.youtube.com/playlist?list=PLWeGoBm1YHVgXmitft-0jkvcTVhAtL9vG},
year="2018",
addendum=" (Zugriff 1.4.2020)"
}

@INPROCEEDINGS{8864531,  author={L. {Zhang} and D. A. {Bowman} and C. N. {Jones}},  booktitle={2019 11th International Conference on Virtual Worlds and Games for Serious Applications (VS-Games)},  title={Exploring Effects of Interactivity on Learning with Interactive Storytelling in Immersive Virtual Reality},   year={2019},  volume={},  number={},  pages={1-8},}

@INPROCEEDINGS{8797755,  author={N. K. {Andreasen} and S. {Baceviciute} and P. {Pande} and G. {Makransky}},  booktitle={2019 IEEE Conference on Virtual Reality and 3D User Interfaces (VR)},  title={Virtual Reality Instruction Followed by Enactment Can Increase Procedural Knowledge in a Science Lesson},   year={2019},  volume={},  number={},  pages={840-841},}

@inproceedings{10.1145/2807442.2807497,
author = {Oda, Ohan and Elvezio, Carmine and Sukan, Mengu and Feiner, Steven and Tversky, Barbara},
title = {Virtual Replicas for Remote Assistance in Virtual and Augmented Reality},
year = {2015},
isbn = {9781450337793},
publisher = {Association for Computing Machinery},
address = {New York, NY, USA},
url = {https://doi.org/10.1145/2807442.2807497},
doi = {10.1145/2807442.2807497},
booktitle = {Proceedings of the 28th Annual ACM Symposium on User Interface Software \& Technology},
pages = {405–415},
numpages = {11},
keywords = {3D referencing techniques, maintenance and repair, remote task assistance, collaborative mixed/augmented reality, remote guidance, assembly},
location = {Charlotte, NC, USA},
series = {UIST ’15},}

@phdthesis{tuprints565,
          author = {Bernd Lutz},
          school = {Technische Universit{\"a}t},
           title = {Konzepte f{\"u}r den Einsatz von Virtueller und Erweiterter Realit{\"a}t zur interaktiven Wissensvermittlung},
            year = {2005},
         address = {Darmstadt},
           month = {Juni},
             url = {http://tuprints.ulb.tu-darmstadt.de/565/},
        abstract = {In der heutigen Informationsgesellschaft wird es immer notwendiger sich Wissen anzueignen und komplexe Informationen zu veranschaulichen. Schon in der Schule m{\"u}ssen immer mehr und kompliziertere Sachverhalte vermittelt werden. Dieser Vorgang setzt sich in den Universit{\"a}ten, aber auch im Berufsleben fort. Moderne didaktische Prinzipien versuchen verst{\"a}rkt dem Lerner Wissen durch selbstt{\"a}tiges Handeln und eigene Erfahrungen vermitteln. Solche Prinzipien lassen sich gut durch die Technologie der Virtuellen und Erweiterten Realit{\"a}t abbilden. Das Ziel dieser Dissertation ist es, Konzepte zum Einsatz von Virtueller und Erweiterter Realit{\"a}t zur interaktiven Wissensvermittlung zu entwickeln. Dazu werden zu Anfang die Anforderungen, die an eine Virtuelle Lernwelt gestellt werden, analysiert. Betrachtet werden hierbei sowohl technologische, als auch didaktische Anforderungen. Aufbauen auf diese Anforderungen wird ein Rahmensystem f{\"u}r Virtuelle Lernwelten entworfen. Dieses Rahmensystem beinhaltet sowohl den Erstellungsprozess Virtueller Lernwelten, als auch die ben{\"o}tigten Pr{\"a}sentationskomponenten. Der Erstellungsprozess gliedert sich in die Teile Modellierung, Authoring und Adaption, wobei der Schritt der Adaption auch von Personen ohne Fachkenntnisse {\"u}ber Virtuelle Welten durchf{\"u}hrbar sein m{\"u}ssen. Die f{\"u}r die Pr{\"a}sentation entwickelten Komponenten sind Lerner- und Lernobjektdaten, ein Lernweltverwalter und die Interaktion. Eine wichtige M{\"o}glichkeit um Wissen in Virtuellen Welten zu vermitteln ist die Interaktion mit dieser Welt. Im Rahmen dieser Dissertation werden die m{\"o}glichen Interaktionsszenarien, von Einzelbenutzer- bis zu Gruppenszenarien, untersucht und auf die vier Sozialformen des Unterrichts abgebildet. Da Lernen immer auch eine soziale Komponente hat, sind Szenarien zur Gruppeninteraktion f{\"u}r Virtuelle Lernwelten von grosser Bedeutung. Daher wird diese Interaktionsform besonders betrachtet. F{\"u}r die Interaktion in Virtuellen Lernwelten ist eine geeignete Auswahl an Interaktionsger{\"a}ten wichtig. Spezielle VR Ger{\"a}te sind oft zu kompliziert, zu fehleranf{\"a}llig und zu teuer, um sie zur Wissensvermittlung zu nutzen. Um diese Probleme zu l{\"o}sen wird in dieser Arbeit ein universelles Interaktionsger{\"a}t f{\"u}r Virtuelle Lernwelten entwickelt. Dieses Interaktionsger{\"a}t nutzt virtuelle Ger{\"a}te zur Interaktion mit der Virtuellen Welt. Durch den Einsatz virtueller Ger{\"a}te zur Interaktion mit der Lernwelt wird die Anzahl der ben{\"o}tigten Ger{\"a}te auf ein Ger{\"a}t reduziert und gleichzeitig ein sehr flexibel einsetzbares Interaktionsger{\"a}t geschaffen. Das Ausgabeger{\"a}t, welches zur Anzeige der virtuellen Ger{\"a}te genutzt wird kann auch f{\"u}r die Darstellung weiterer Lerninhalte genutzt werden. Die in dieser Dissertation beschriebenen Konzepte wurden genutzt um mehrere Virtuelle Lernwelten zu erschaffen. Diese Lernwelten wurden u.a. auf der EXPO 2000 in Hannover und den cybernarium days in Darmstadt und M{\"u}nchen der {\"O}ffentlichkeit vorgestellt.},
        keywords = {Computergest{\"u}tztes Lernen}
}

@inbook{UBHD-65563883,
  author={Stephan {Schwan} and J{\"u}rgen {Buder}},
  editor={Bente, Gary},
  title={Lernen und Wissenserwerb in virtuellen Realit{\"a}ten},
  booktitle={Virtuelle Realit{\"a}ten},
  publisher={Hogrefe},
  address={G{\"o}ttingen ; Bern [u.a.]},
  year={2002},
  pages={109-132},
  language={ger},
  isbn={3-8017-1465-9 and 978-3-8017-1465-9},
  number={ARRAY(0x55a732b0abb0)},
  series={Internet und Psychologie},
  keywords={Virtuelle Realit{\"a}t / Psychologie},
  library={UB [Signatur: 2003 A 5806] ; PS [Signatur: A IX 29 Ben]},
}

@inbook{UBHD-67741817,
  editor={Mandl, Heinz and Friedrich, Helmut F.},
  author={Creß, Ulrike},
  booktitle={Handbuch Lernstrategien},
  title={Lernorientierungen, Lernstile, Lerntypen und kognitive Stile},
  publisher={Hogrefe},
  address={G{\"o}ttingen ; Bern ; Wien},
  year={2006},
  pages={365-377},
  language={ger},
  isbn={3-8017-1813-1 and 978-3-8409-1813-1 and 978-3-8017-1813-8},
  series={Hogrefe eLibrary},
  note={Literaturangaben},
  keywords={Lerntechnik ; Lerntechnik},
  url={http://elibrary.hogrefe.de/book/99.110005/9783840918131},
  library={UB ; UW},
}

@INPROCEEDINGS{8971204,  author={E. {Idrizi} and S. {Filiposka} and V. {Trajkovik}},  booktitle={2019 27th Telecommunications Forum (TELFOR)},   title={The Discourse on Learning Styles in Online Education},   year={2019},  volume={},  number={},  pages={1-4},}

@techreport{youngblut1998educational,
  title={Educational uses of virtual reality technology.},
  author={Youngblut, Christine},
  year={1998},
  institution={INSTITUTE FOR DEFENSE ANALYSES ALEXANDRIA VA}
}

@INPROCEEDINGS{8798289,
  author={C. {Matthes} and T. {Weissker} and E. {Angelidis} and A. {Kulik} and S. {Beck} and A. {Kunert} and A. {Frolov} and S. {Weber} and A. {Kreskowski} and B. {Froehlich}},
  booktitle={2019 IEEE Conference on Virtual Reality and 3D User Interfaces (VR)}, 
  title={The Collaborative Virtual Reality Neurorobotics Lab}, 
  year={2019},
  volume={},
  number={},
  pages={1671-1674},}

@INPROCEEDINGS{8848001,
  author={F. {Born} and P. {Sykownik} and M. {Masuch}},
  booktitle={2019 IEEE Conference on Games (CoG)}, 
  title={Co-Located vs. Remote Gameplay: The Role of Physical Co-Presence in Multiplayer Room-Scale VR}, 
  year={2019},
  volume={},
  number={},
  pages={1-8},}

@INPROCEEDINGS{8798080,  author={J. G. {Grandi} and H. G. {Debarba} and A. {Maciel}},  booktitle={2019 IEEE Conference on Virtual Reality and 3D User Interfaces (VR)},   title={Characterizing Asymmetric Collaborative Interactions in Virtual and Augmented Realities},   year={2019},  volume={},  number={},  pages={127-135},}

@INPROCEEDINGS{7563562,  author={M. L. {Chenechal} and J. {Lacoche} and J. {Royan} and T. {Duval} and V. {Gouranton} and B. {Arnaldi}},  booktitle={2016 IEEE Third VR International Workshop on Collaborative Virtual Environments (3DCVE)},   title={When the giant meets the ant an asymmetric approach for collaborative and concurrent object manipulation in a multi-scale environment},   year={2016},  volume={},  number={},  pages={18-22},}

@INPROCEEDINGS{7223433,  author={M. {Le Chenechal} and J. {Lacoche} and C. {Martin} and J. {Royan}},  booktitle={2015 IEEE Virtual Reality (VR)},   title={Laying out spaces with virtual reality},   year={2015},  volume={},  number={},  pages={337-338},}

@INPROCEEDINGS{8943686,  author={S. {Thanyadit} and P. {Punpongsanon} and T. {Pong}},  booktitle={2019 IEEE International Symposium on Mixed and Augmented Reality (ISMAR)},   title={ObserVAR: Visualization System for Observing Virtual Reality Users using Augmented Reality},   year={2019},  volume={},  number={},  pages={258-268},}

@Inbook{Buehler2020,
author="Buehler, Kai
and Kohne, Andreas",
editor="Orsolits, Horst
and Lackner, Maximilian",
title="Besser Lernen mit VR/AR Anwendungen",
bookTitle="Virtual Reality und Augmented Reality in der Digitalen Produktion",
year="2020",
publisher="Springer Fachmedien Wiesbaden",
address="Wiesbaden",
pages="75--97",
abstract="Dieser Artikel besch{\"a}ftigt sich mit den Eigenschaften, den Voraussetzungen und dem Nutzen von virtuellen Lernwelten im didaktischen Kontext. Zun{\"a}chst wird ausgef{\"u}hrt, woraus AR/VR Lernwelten bestehen und wie Sie grundlegen funktionieren. Danach folgt eine Markt- und Potentialanalyse, basierend auf einer Studie der Rheinischen Fachhochschule K{\"o}ln. Dabei wird der Gesamteinsatz von VR allgemein und der Einsatz von AR/VR in deutschen Unternehmen untersucht. Der Artikel besch{\"a}ftigt sich weiters mit einer Ableitung der positiven Effekte des VR gest{\"u}tzten Lernens sowie den Chancen, die dadurch entstehen. Es folgt die Ausarbeitung des Nutzens und didaktische Konzepte in denen AR/VR Lernumgebungen erfolgreich eingesetzt werden k{\"o}nnen.",
isbn="978-3-658-29009-2",
doi="10.1007/978-3-658-29009-2_5",
url="https://doi.org/10.1007/978-3-658-29009-2_5"
}